<?xml version="1.0" encoding="UTF-8"?><collection xmlns="http://www.loc.gov/MARC21/slim"><record><leader>00359nam--2200133-i-4500</leader><controlfield tag="001">000033132</controlfield><controlfield tag="002">20161230</controlfield><controlfield tag="005">20161230201039</controlfield><controlfield tag="008">060222s1000------------r-----000-0-eng-d</controlfield><datafield ind1=" " ind2=" " tag="100"><subfield code="a">Melander, Lars</subfield></datafield><datafield ind1=" " ind2=" " tag="245"><subfield code="a">Isotope effects on reaction rates</subfield></datafield><datafield ind1=" " ind2=" " tag="260"><subfield code="a">New York, The Ronald Press Co., 1960. Vi+181p</subfield></datafield><datafield ind1=" " ind2=" " tag="490"><subfield code="a">Modern Concepts In Chemistry</subfield></datafield><datafield ind1=" " ind2=" " tag="852"><subfield code="a">16050</subfield></datafield></record></collection>